<record><leader>00000cas a22000007a 4500</leader><controlfield tag="001">14283302</controlfield><controlfield tag="008">860930d192u196utxuwr ne      0    0eng d</controlfield><datafield ind1=" " ind2=" " tag="010"><subfield code="a">sn 86089277 </subfield></datafield><datafield ind1=" " ind2=" " tag="040"><subfield code="a">PPM</subfield><subfield code="b">eng</subfield><subfield code="c">PPM</subfield><subfield code="d">OCLCQ</subfield></datafield><datafield ind1=" " ind2=" " tag="042"><subfield code="a">msc</subfield></datafield><datafield ind1="0" ind2="4" tag="245"><subfield code="a">The Elgin courier and four county news.</subfield></datafield><datafield ind1=" " ind2=" " tag="260"><subfield code="a">Elgin, Tex. :</subfield><subfield code="b">J.O. Smith</subfield></datafield><datafield ind1=" " ind2=" " tag="300"><subfield code="a">v. :</subfield><subfield code="b">ill. ;</subfield><subfield code="c">56 cm.</subfield></datafield><datafield ind1=" " ind2=" " tag="310"><subfield code="a">Weekly</subfield></datafield><datafield ind1=" " ind2=" " tag="588"><subfield code="a">Description based on: Vol. 33, no. 23 (Sept. 27, 1923).</subfield></datafield><datafield ind1=" " ind2=" " tag="752"><subfield code="a">United States</subfield><subfield code="b">Texas</subfield><subfield code="c">Bastrop</subfield><subfield code="d">Elgin.</subfield></datafield><datafield ind1="0" ind2="5" tag="780"><subfield code="t">Elgin courier</subfield><subfield code="w">(DLC)sn 86088724</subfield></datafield><datafield ind1="0" ind2="0" tag="785"><subfield code="t">Elgin courier (Elgin, Tex. : 1967)</subfield><subfield code="w">(DLC)sn 88083517</subfield></datafield></record>